<mx:record xmlns="http://www.w3.org/TR/xhtml1/strict" xmlns:mx="http://www.loc.gov/MARC21/slim"><mx:leader>00037nz 2200037n 4500</mx:leader><mx:controlfield tag="001">DNB|119496585</mx:controlfield><mx:controlfield tag="003">DNB</mx:controlfield><mx:controlfield tag="005">20061125032155.0</mx:controlfield><mx:controlfield tag="008">970909|||azznnaa|||||||||||| a|aaa|||| d</mx:controlfield><mx:datafield ind1="7" ind2=" " tag="016"><mx:subfield code="a">119496585</mx:subfield><mx:subfield code="2">GyFmDB</mx:subfield></mx:datafield><mx:datafield ind1=" " ind2=" " tag="035"><mx:subfield code="a">(SWD)4469371-0</mx:subfield></mx:datafield><mx:datafield ind1=" " ind2=" " tag="040"><mx:subfield code="a">0012</mx:subfield><mx:subfield code="b">ger</mx:subfield><mx:subfield code="d">9999</mx:subfield><mx:subfield code="f">RAK-PND</mx:subfield></mx:datafield><mx:datafield ind1=" " ind2=" " tag="043"><mx:subfield code="a">XS---</mx:subfield><mx:subfield code="2">SWD-ISO3166</mx:subfield></mx:datafield><mx:datafield ind1=" " ind2=" " tag="065"><mx:subfield code="a">12.2p</mx:subfield><mx:subfield code="5">SWD</mx:subfield></mx:datafield><mx:datafield ind1="0" ind2=" " tag="100"><mx:subfield code="a">Cratinus,</mx:subfield><mx:subfield code="c">Iunior</mx:subfield><mx:subfield code="d">4. Jh. v. Chr.</mx:subfield></mx:datafield><mx:datafield ind1="0" ind2=" " tag="400"><mx:subfield code="a">Kratinos,</mx:subfield><mx:subfield code="c">der Jüngere</mx:subfield><mx:subfield code="d">4. Jh. v. Chr.</mx:subfield></mx:datafield><mx:datafield ind1="0" ind2=" " tag="400"><mx:subfield code="a">Kratinos,</mx:subfield><mx:subfield code="c">ho Neōteros</mx:subfield><mx:subfield code="d">4. Jh. v. Chr.</mx:subfield></mx:datafield><mx:datafield ind1="0" ind2=" " tag="400"><mx:subfield code="a">Kratinos,</mx:subfield><mx:subfield code="c">Komödiendichter</mx:subfield><mx:subfield code="d">4. Jh. v. Chr.</mx:subfield></mx:datafield><mx:datafield ind1="0" ind2=" " tag="400"><mx:subfield code="a">Cratinus,</mx:subfield><mx:subfield code="c">Comicus</mx:subfield><mx:subfield code="d">4. Jh. v. Chr.</mx:subfield></mx:datafield><mx:datafield ind1="0" ind2=" " tag="400"><mx:subfield code="a">Kratinos,</mx:subfield><mx:subfield code="c">Dichter der Mittleren Komödie</mx:subfield><mx:subfield code="d">4. Jh. v. Chr.</mx:subfield></mx:datafield><mx:datafield ind1=" " ind2=" " tag="670"><mx:subfield code="a">PAN</mx:subfield></mx:datafield><mx:datafield ind1=" " ind2=" " tag="678"><mx:subfield code="a">Griech. Komödiendichter der Mittleren
        Komödie</mx:subfield></mx:datafield><mx:datafield ind1=" " ind2=" " tag="922"><mx:subfield code="a">GR</mx:subfield><mx:subfield code="9">1</mx:subfield></mx:datafield></mx:record>